<?xml version="1.0" encoding="UTF-8"?><collection xmlns="http://www.loc.gov/MARC21/slim"><record><leader>00435nam--2200169-i-4500</leader><controlfield tag="001">000014394</controlfield><controlfield tag="002">20161230</controlfield><controlfield tag="005">20161230201030</controlfield><controlfield tag="008">060222s1000------------r-----000-0-eng-d</controlfield><datafield ind1=" " ind2=" " tag="100"><subfield code="a">Cristescu, Romulus</subfield></datafield><datafield ind1=" " ind2=" " tag="245"><subfield code="a">Analiza functionala</subfield></datafield><datafield ind1=" " ind2=" " tag="250"><subfield code="a">Editia A Iv-a</subfield></datafield><datafield ind1=" " ind2=" " tag="260"><subfield code="a">Bucuresti, Editura Didactica Si Pedagogica, 1983</subfield></datafield><datafield ind1=" " ind2=" " tag="300"><subfield code="a">248P</subfield></datafield><datafield ind1=" " ind2=" " tag="700"><subfield code="a">Romulus Cristescu</subfield></datafield><datafield ind1=" " ind2=" " tag="852"><subfield code="a">21918</subfield><subfield code="c">517</subfield></datafield><datafield ind1=" " ind2=" " tag="CAT"><subfield code="a">Sys</subfield><subfield code="c">20080617</subfield><subfield code="h">120352</subfield></datafield></record></collection>